% ....názov súboru je: literatura.bib

@misc{Light_shafts,
	author = "Anna Fruhstuck and Stefanie Prast, Vienna University of Technology",
	title = "Caustics, Light Shafts, God Rays",
	howpublished = "\url{https://www.cg.tuwien.ac.at/research/publications/2013/Prast_Stefanie_2013-CLG/Prast_Stefanie_2013-CLG-Thesis.pdf}",
}

@misc{God_rays,
	author = "Utsav Jambusaria, Neerja Katwala and Khushali Deulkar, D.J.Sanghvi College of
    Engineering",
	title = "God Rays in Modern Gaming",
	howpublished = "\url{https://research.ijcaonline.org/volume108/number11/pxc3900275.pdf}",
}